
@Preamble{ " \newcommand{\noop}[1]{} " }

@article{YangNielsenHasagawa1998,
    title = {Models of Amino Acid Substitution and Applications to Mitochondrial
    Protein Evolution},
    author = {Yang, N and Nielsen, R and Hasegawa, M},
    journal = {Mol Biol Evol},
    year = {1998},
    volume = {15},
    pages = {1600-1611}
}

@article{mtrev24,
	title = {{MOLPHY} version 2.3: programs for molecular
	phylogenetics based on maximum likelihood},
	author = {Yang, N and Nielsen, R and Hasegawa, M},
	journal = {Comput Sci	Monogr},
	year = {19896},
	volume = {28},
	pages = {1-150}
}

@article{dayhoff,
	author = {Dayhoff, MO and Schwartz, RM and Orcutt, BC},
	journal = {Atlas of Protein Sequence and Structure},
	number = {3},
	pages = {345--352},
	title = {A model of evolutionary change in proteins},
	volume = {5},
	year = {1978}
}

@article{ABmodel,
	Author = {Mirsky, Alexander and Kazandjian, Linda and Anisimova, Maria},
	Journal = {Mol Biol Evol},
	Pages = {806 -- 819},
	Title = {Antibody-Specific Model of Amino Acid Substitution for Immunological Inferences from Alignments of Antibody Sequences},
	Volume = {32},
	Year = 2015
}


@article{ape,
    title = {{APE}: analyses of phylogenetics and evolution in {R}
      language},
    author = {E. Paradis and J. Claude and K. Strimmer},
    journal = {Bioinformatics},
    year = {2004},
    volume = {20},
    pages = {289-290}
}



@article{raxml,
  author = {Stamatakis, A},
  title = {{RAxML Version 8}: A tool for Phylogenetic Analysis and Post-Analysis of Large Phylogenies},
  journal = {Bioinformatics},
  volume = {30},
  pages = {1312 - 1313},
  year = {2014}
}


@article{dendropy,
  author = {Sukumaran, J. and Mark T. Holder},
  year={2010},
  title={{DendroPy}: A {Python} library for phylogenetic computing},
  journal={Bioinformatics},
  volume={26},
  pages={1569--1571}
}


@article{Arenas2012,
	author = {Arenas, M},
	title = {Simulation of Molecular Data under Diverse Evolutionary Scenarios},
	journal = {{PLoS Comp Biol}},
	year = {2012},
	volume = 8,
	pages = {e1002495}
}

@article{SpielmanWilke2015,
  author = {Spielman, SJ and Wilke, CO},
  title = {The relationship between $dN/dS$ and scaled selection coefficients},
  journal = {Mol Biol Evol},
  year = {2015},
  volume = 32,
  pages = {1097 -- 1108}
}

@article{PANDIT2006,
  author = {Whelan, S and de Bakker, P and Quevillion, E and Rodriguez, N and Goldman, N},
  journal = {Nucleic Acids Res},
  title = {{PANDIT}: an evolution-centric database of protein and associated nucleotide domains with inferred trees},
  volume = {34},
  year = 2006,
  pages = {D327 -- D331}
}

@article{Yang1994,
  author = {Yang, Z},
  title = {{Maximum likelihood phylogenetic estimation from DNA sequences with variable rates over sites: approximate methods}},
  journal = {J Mol Evol},
  year = {1994},
  volume = {39},
  pages = {306 -- 314}
}


@incollection{JC69,
  author = {Jukes, TH and Cantor, CR},
  title = {Evolution of protein molecules},
  editor = {HN Munro},
  booktitle = {Mammalian protein metabolism},
  publisher = {{Academic Press}},
  address = {{New York}},
  year = {1969}
}

@article{MG94,
  author = {SV Muse and BS Gaut},
  journal = {Mol Biol Evol},
  pages = {715--724},
  title = {A likelihood approach for comparing synonymous and nonsynonymous nucleotide substitution rates, with application to the chloroplast genome},
  volume = 11,
  year = 1994}


@article{GY94,
  author = {N Goldman and Z Yang},
  title = {A codon-based model of nucleotide substitution for protein-coding {DNA} sequences},
  journal = {Mol Biol Evol},
  year = {1994},
  volume = {11},
  pages = {725--736}
}

@article{GTR,
  author = {Tavare, S},
  year={1984},
  title={Lines of descent and genealogical processes, and their applications in population genetics models},
  journal={Theor Popul Biol},
  volume={26},
  pages={119--164}
}

@article{HKY85,
  author = {Hasegawa, M and Kishino, H and Yano, T},
  year = {1985},
  title = {Dating of human-ape splitting by a molecular clock of mitochondrial {DNA}},
  journal={J Mol Evol},
  volume={22},
  number={2},
  pages={160--174}
}

@article{TN93,
  author = {Tamura, K and Nei, M},
  year={1993},
  title={Estimation of the number of nucleotide substitutions in the control region of mitochondrial {DNA} in humans and chimpanzees},
  journal ={Mol Biol Evol},
  volume={10},
  pages={512â€“-526}
}

@article{JTT,
  author = {Jones, DT and Taylor, WR and Thornton, JM},
  year={1992},
  title={The rapid generation of mutation data matrices from protein sequences},
  journal={{CABIOS}},
  volume={8},
  pages={275--282}
}

@article{WAG,
  author = {Whelan, S and Goldman, N},
  year={2001},
  title={A general empirical model of protein evolution derived from multiple protein families using a maximum likelihood approach},
  journal={Mol Biol Evol},
  volume={18},
  pages={691--699}
}

@article{LG,
  author = {Le, SQ and Gascuel, O},
  year={2008},
  title={An improved general amino acid replacement matrix},
  journal={Mol Biol Evol},
  volume={25},
  pages={1307--1320}
}



@article{ECM,
  author = {Kosiol, C. and Holmes, I. and Goldman, N.},
  year = 2007,
  title = {An empirical codon model for protein sequence evolution},
  journal = {Mol Biol Evol},
  volume = 24,
  pages = {1464 -- 1479}
}


@book{Yang2006,
  Author = {Z. Yang},
  Publisher = {Oxford University Press},
  Title = {Computational Molecular Evolution},
  Year = 2006}


@article{Fletcher2009,
  author = {Fletcher, W and Yang, Z},
  title = {{INDELible}: A Flexible Simulator of Biological Sequence Evolution},
  journal = {Mol Biol Evol},
  year = {2009},
  volume = {26},
  number = {8},
  pages = {1879--1888},
}

@article{Strope2007,
  author = {Strope,  CL and Scott, SD and Moriyama, EN},
  title = {{indel-Seq-Gen}: a new protein family simulator incorporating domains, motifs, and indels},
  journal = {Mol Biol Evol},
  year = {2007},
  volume = {24},
  number = {3},
  pages = {640--649}
}



@article{HB98,
  author = {Halpern, AL and Bruno, WJ},
  year = {1998},
  title = {Evolutionary distances for protein-coding sequences: modeling site-specific residue frequencies},
  journal = {Mol Biol Evol},
  volume = 15,
  pages = {910--917}
}


@article{Yang2008,
  author = {Yang, Z and Nielsen, R},
  title = {{Mutation-Selection Models of Codon Substitution and Their Use to Estimate Selective Strengths on Codon Usage}},
  journal = {Mol Biol Evol},
  year = {2008},
  volume = {25},
  number = {3},
  pages = {568--579},
  month = jan
}



@article{Rodrigue2010,
  author = {Rodrigue, N and Philippe, H and Lartillot, N},
  title = {{Mutation-selection models of coding sequence evolution with site-heterogeneous amino acid fitness profiles}},
  journal = {Proc Natl Acad Sci USA},
  year = {2010},
  volume = {107},
  number = {10},
  pages = {4629--4634},
  month = mar
}


@article{PAML,
  author = {Z. Yang},
  title = {{PAML 4}: Phylogenetic Analysis by Maximum Likelihood},
  journal = {Molecular Biology and Evolution},
  year = {2007},
  volume = {24},
  pages = {1586--1591}
}

@article{HYPHY,
  author = {{Kosakovsky Pond}, SL and Frost, SDW and Muse, SV},
  title = {{HyPhy}: hypothesis testing using phylogenies},
  journal = {Bioinformatics},
  year = {2005},
  volume = {12},
  issue = {5},
  pages = {676--679}
}
